@inproceedings{Bauer_2008,
   title={Computation of the homotopy of the spectrum \texttt{tmf}
},
   ISSN={1464-8997},
   url={http://dx.doi.org/10.2140/gtm.2008.13.11},
   DOI={10.2140/gtm.2008.13.11},
   booktitle={Groups, homotopy and configuration spaces (Tokyo
  2005)},
   publisher={Mathematical Sciences Publishers},
   author={Bauer, Tilman},
   year={2008},
   month=feb }